@article{he2017evidence,
  title={Intermediary asset pricing: New evidence from many asset classes},
  author={He, Zhiguo and Kelly, Bryan and Manela, Asaf},
  journal={Journal of Financial Economics},
  volume={126},
  number={1},
  pages={1--35},
  year={2017},
  publisher={Elsevier}
}

@article{nozawa2017credit,
  title={What Drives the Cross-Section of Credit Spreads?: A Variance Decomposition Approach},
  author={Nozawa, Yoshio},
  journal={The Journal of Finance},
  volume={72},
  number={5},
  pages={2045--2072},
  year={2017},
  publisher={Wiley Online Library}
}

@misc{openbond2024,
  author = {{Open Source Bond Asset Pricing}},
  title = {Open Source Bond Asset Pricing},
  howpublished = "\url{https://openbondassetpricing.com/}",
  note = {Accessed: \today},
  year = {\currentyear}
}

@misc{crspbond,
  author = {{Wharton Research Data Services (WRDS)}},
  title = {CRSP Bond Returns Database},
  howpublished = "Wharton Research Data Services (WRDS)",
  note = {Accessed: \today},
  year = {\currentyear}
}
